<record xmlns="http://www.loc.gov/MARC21/slim" xmlns:xsi="http://www.w3.org/2001/XMLSchema-instance" xsi:schemaLocation="http://www.loc.gov/MARC21/slim http://www.loc.gov/standards/marcxml/schema/MARC21slim.xsd">

  <leader>03647nam a22002537a 4500</leader>
  <controlfield tag="008">160503b2007    cr a|||| |||| 00| | spa d</controlfield>
  <datafield tag="090" ind1=" " ind2=" ">
    <subfield code="a">05.03.01</subfield>
    <subfield code="b">1507 CD #130</subfield>
  </datafield>
  <datafield ind1="1" ind2=" " tag="100">
    <subfield code="9">1099</subfield>
    <subfield code="a">Camacho Brown, Lolita </subfield>
  </datafield>
  <datafield tag="245" ind1="1" ind2="0">
    <subfield code="a">Diagnóstico de la presencia de relaciones de género en la labor pedagógica en dos grupos de educación inicial / </subfield>
    <subfield code="c">Lolita Camacho Brown, Hannia Watson Soto</subfield>
  </datafield>
  <datafield tag="260" ind2=" " ind1=" ">
    <subfield code="a">[San José, Costa Rica] :</subfield>
    <subfield code="b">INIE,</subfield>
    <subfield code="c">2007</subfield>
  </datafield>
  <datafield ind2=" " ind1=" " tag="300">
    <subfield code="a">117 páginas;</subfield>
    <subfield code="b">ilustraciones</subfield>
  </datafield>
  <datafield ind2=" " ind1=" " tag="500">
    <subfield code="a">Informe Final del Proyecto de Investigación N° 724-A5-058</subfield>
  </datafield>
  <datafield tag="500" ind2=" " ind1=" ">
    <subfield code="a">Incluye el folleto: A las Niñas y los Niñas les Gusta... 
</subfield>
  </datafield>
  <datafield ind2=" " ind1=" " tag="500">
    <subfield code="a">Incluye el juego ¿a quién le toca?: juego para la igualdad de género entre las niñas y los niños / Instituto Nacional de las Mujeres; Universidad de Costa Rica. 
</subfield>
  </datafield>
  <datafield tag="500" ind2=" " ind1=" ">
    <subfield code="a">Incluye CD #130 con el informe en formato electrónico</subfield>
  </datafield>
  <datafield ind1=" " ind2=" " tag="520">
    <subfield code="a">Las investigadoras se propusieron identificar las relaciones de género que se dan entre la docente y las niñas y los niños en un aula de nivel inicial. Para esto la investigación se planteó en dos momentos metodológicos: 1 Determinación y análisis de la presencia de las relaciones de género en el nivel inicial y 2. Elaboración de una propuesta de estrategias pedagógicas dirigidas al cuerpo docente y de material educativo que permita desarrollar procesos educativos en el nivel inicial incluyendo la perspectiva de género. 
Esta es una investigación descriptiva, se desarrolló con dos poblaciones de educación inicial, y un grupo de personas de los grupos de familiares de las niñas y niños de una de estas poblaciones. Ambas instituciones situadas en el Cantón Central de Turrialba. Para recabar la información de este estudio se utilizaron diferentes técnicas cualitativas y cuantitativas como: Observación, Cuestionario y Materiales y/o documentos del aula. 
Entre las conclusiones a que llegaron en la investigación, están las siguientes: 
- En el ámbito preescolar, el abordaje de la perspectiva de género permite desarrollar prácticas educativas inclusivas y la construcción de espacios propicios para promover y generar relaciones equitativas e igualitarias entre niñas y niños, así como redefinir las pautas culturales que sustentan los estereotipos de género. 
- El análisis de un aspecto de la dinámica cotidiana que se desarrolla en un salón de clase, en este caso específico sobre las relaciones de género en el nivel inicial, implica para las personas que investigan, profundizar y reflexionar sobre la práctica educativa y los procesos de enseñanza y aprendizaje. 
- Es importante que la población docente aprenda a seleccionar con criterios de equidad de género las estrategias pedagógicas, los recursos educativos y los elementos decorativos que se utilizan en un salón de clase, para evitar seguir reproduciendo inequidades entre hombres y mujeres. 
- Las niñas y los niños participantes en el estudio, a pesar de su temprana edad, al ser consultados sobre temáticas tales como: ejecución de tareas domésticas, desempeño en profesiones y oficios, uso de juguetes y práctica deportiva, evidencias la presencia de estereotipos de género en sus respuestas al hacer en la mayoría de los casos asociaciones específicas de acciones, campos laborales, usos de objetos a hombres o a mujeres. 
Presenta recomendaciones y limitaciones. 
</subfield>
  </datafield>
  <datafield tag="650" ind1="1" ind2="4">
    <subfield code="9">797</subfield>
    <subfield code="a">RELACIONES DE GÉNERO</subfield>
  </datafield>
  <datafield tag="650" ind2="4" ind1="1">
    <subfield code="9">632</subfield>
    <subfield code="a">DIAGNÓSTICO</subfield>
  </datafield>
  <datafield ind2="4" ind1="1" tag="650">
    <subfield code="9">330</subfield>
    <subfield code="a">CIENCIAS DE LA EDUCACIÓN</subfield>
  </datafield>
  <datafield ind1="1" ind2="4" tag="650">
    <subfield code="9">1</subfield>
    <subfield code="a">EDUCACIÓN</subfield>
  </datafield>
  <datafield tag="650" ind2="4" ind1="1">
    <subfield code="9">404</subfield>
    <subfield code="a">FAMILIA</subfield>
  </datafield>
  <datafield ind1="1" ind2=" " tag="700">
    <subfield code="9">1104</subfield>
    <subfield code="a">Watson Soto, Hannia </subfield>
  </datafield>
  <datafield ind2=" " ind1=" " tag="942">
    <subfield code="2">z</subfield>
    <subfield code="c">04</subfield>
  </datafield>
  <datafield ind1=" " ind2=" " tag="999">
    <subfield code="c">3193</subfield>
    <subfield code="d">3193</subfield>
  </datafield>
</record>